@misc{Manifesto,
    title={Principles behind the Agile Manifesto},
    author={{Kent Beck, Mike Beedle, Arie van Bennekum, Alistair Cockburn, Ward Cunningham, Martin Fowler, James Grenning, Jim Highsmith, Andrew Hunt, Ron Jeffries, Jon Kern, Brian Marick, Robert C. Martin, Steve Mellor, Ken Schwaber, Jeff Sutherland, Dave Thomas}},
    howpublished={[Online]. Available: \url{http://agilemanifesto.org/principles.html}},
    note={[Accessed: 22-Nov-2016]}
}

@INPROCEEDINGS{ScrumEveryDay, 
author={D. Pauly and B. Michalik and D. Basten}, 
booktitle={2015 48th Hawaii International Conference on System Sciences}, 
title={Do Daily Scrums Have to Take Place Each Day? A Case Study of Customized Scrum Principles at an E-commerce Company}, 
year={2015}, 
pages={5074-5083}, 
address = {Hawaii},
keywords={electronic commerce;software prototyping;Scrum principles;agile development approach;agile method;e-commerce company;information system research;Collaboration;Companies;Context;Interviews;Planning;agile methods;case study;development approaches;information systems;scrum}, 
doi={10.1109/HICSS.2015.601}, 
ISSN={1530-1605}, 
month={Jan},}

@inproceedings{SupportingScrum,
 author = {Rubart, Jessica and Freykamp, Frank},
 title = {Supporting Daily Scrum Meetings with Change Structure},
 booktitle = {Proceedings of the 20th ACM Conference on Hypertext and Hypermedia},
 series = {HT '09},
 year = {2009},
 isbn = {978-1-60558-486-7},
 location = {Torino, Italy},
 pages = {57--62},
 numpages = {6},
 url = {http://doi.acm.org.ezproxy.falmouth.ac.uk/10.1145/1557914.1557927},
 doi = {10.1145/1557914.1557927},
 acmid = {1557927},
 publisher = {ACM},
 address = {New York, NY, USA},
 keywords = {change link, change structure, cooperative hypermedia, daily scrum meeting, knowledge management, scrum, spatial hypertext, task board, task management},
} 

@INPROCEEDINGS{Obstacles, 
author={V. G. Stray and Y. Lindsjørn and D. I. K. Sjøberg}, 
booktitle={2013 ACM / IEEE International Symposium on Empirical Software Engineering and Measurement}, 
title={Obstacles to Efficient Daily Meetings in Agile Development Projects: A Case Study}, 
year={2013}, 
pages={95-102}, 
address = {Norway},
keywords={project management;software development management;software prototyping;team working;Scrum Master;agile development projects;daily team meeting organization;obstacle reduction;repertory grid technique;software organizations;team members;Companies;Interviews;Jupiter;Mars;Minutes;Saturn;Software;Daily Scrum;agile software development;collaboration;communication;coordination;stand-up meetings}, 
doi={10.1109/ESEM.2013.30}, 
ISSN={1949-3770}, 
month={Oct},}

@inproceedings{Distributed,
 author = {Ganis, Matt and Surdek, Steffan and Woodward, Elizabeth},
 title = {Daily Scrums in a Distributed Environment},
 booktitle = {Proceedings of the 2009 Conference of the Center for Advanced Studies on Collaborative Research},
 series = {CASCON '09},
 year = {2009},
 location = {Ontario, Canada},
 pages = {349--349},
 numpages = {1},
 url = {http://dx.doi.org.ezproxy.falmouth.ac.uk/10.1145/1723028.1723101},
 doi = {10.1145/1723028.1723101},
 acmid = {1723101},
 publisher = {IBM Corp.},
 address = {Riverton, NJ, USA},
} 

@inproceedings{Multitouch,
 author = {Rubart, Jessica},
 title = {A Cooperative Multitouch Scrum Task Board for Synchronous Face-to-Face Collaboration},
 booktitle = {Proceedings of the Ninth ACM International Conference on Interactive Tabletops and Surfaces},
 series = {ITS '14},
 year = {2014},
 isbn = {978-1-4503-2587-5},
 location = {Dresden, Germany},
 pages = {387--392},
 numpages = {6},
 url = {http://doi.acm.org.ezproxy.falmouth.ac.uk/10.1145/2669485.2669551},
 doi = {10.1145/2669485.2669551},
 acmid = {2669551},
 publisher = {ACM},
 address = {New York, NY, USA},
 keywords = {agile planning, cscw, interactive tabletops, multitouch, multitouch table, scrum, scrum task board},
} 

@INPROCEEDINGS{SoftwareProjects, 
author={V. G. Stray and N. B. Moe and A. Aurum}, 
booktitle={2012 38th Euromicro Conference on Software Engineering and Advanced Applications}, 
title={Investigating Daily Team Meetings in Agile Software Projects}, 
year={2012}, 
pages={274-281}, 
address={Turkey},
keywords={software prototyping;agile software projects;daily team meetings;decision making;micro-level interaction processes;software development teams;Companies;Decision making;Educational institutions;Planning;Software;Teamwork;Scrum;agile software development;case study;communication;coordination;daily meeting;decision-making;software engineering;stand-up meeting}, 
doi={10.1109/SEAA.2012.16}, 
ISSN={1089-6503}, 
month={Sept},}

@INPROCEEDINGS{Emergence, 
author={A. L. Asnawi and A. M. Gravell and G. B. Wills}, 
booktitle={2012 Agile India}, 
title={Emergence of Agile Methods: Perceptions from Software Practitioners in Malaysia}, 
year={2012}, 
pages={30-39}, 
address={Malaysia},
keywords={software prototyping;Malaysia;agile methods;software development;software practitioners;Companies;Government;Industries;Interviews;Programming;Software;Training;Agile methods;awareness;benefits;challenges;introduction;perceptions;practices;software process}, 
doi={10.1109/AgileIndia.2012.14}, 
ISSN={2326-6007}, 
month={Feb},}
